@manual{java17,
	author = {Oracle},
	edition = {17},
	organization = {Oracle},
	title = {Java Platform, Standard Edition and Java Development Kit},
	year = {2021}
}
